<record><leader>00000cas a2200000 a 4500</leader><controlfield tag="001">29333014</controlfield><controlfield tag="008">931116d19361936iluuu ne      0   a0eng c</controlfield><datafield ind1=" " ind2=" " tag="010"><subfield code="a">sn 93055848 </subfield></datafield><datafield ind1=" " ind2=" " tag="040"><subfield code="a">NVF</subfield><subfield code="b">eng</subfield><subfield code="c">NVF</subfield><subfield code="d">DLC</subfield><subfield code="d">OCLCQ</subfield><subfield code="d">OCLCG</subfield><subfield code="d">OCLCF</subfield><subfield code="d">OCLCO</subfield><subfield code="d">NVF</subfield><subfield code="d">OCLCO</subfield></datafield><datafield ind1="1" ind2=" " tag="029"><subfield code="a">AU@</subfield><subfield code="b">000025849360</subfield></datafield><datafield ind1=" " ind2=" " tag="042"><subfield code="a">pcc</subfield></datafield><datafield ind1=" " ind2=" " tag="043"><subfield code="a">n-us-il</subfield></datafield><datafield ind1="0" ind2="0" tag="245"><subfield code="a">Illinois service record.</subfield></datafield><datafield ind1=" " ind2=" " tag="260"><subfield code="a">[Chicago, Ill.] :</subfield><subfield code="b">Illinois Republican Service Men's League,</subfield><subfield code="c">1936.</subfield></datafield><datafield ind1=" " ind2=" " tag="300"><subfield code="a">v.</subfield></datafield><datafield ind1="0" ind2=" " tag="362"><subfield code="a">Vol. 1, no. 1 (Oct. 20, 1936)-</subfield></datafield><datafield ind1="1" ind2=" " tag="362"><subfield code="a">Ceased in 1936.</subfield></datafield><datafield ind1=" " ind2=" " tag="500"><subfield code="a">Campaign newspaper for the Republican Party in the 1936 election.</subfield></datafield><datafield ind1=" " ind2=" " tag="588"><subfield code="a">Latest issue consulted: Oct. 20, 1936.</subfield></datafield><datafield ind1="1" ind2="0" tag="600"><subfield code="a">Landon, Alfred M.</subfield><subfield code="q">(Alfred Mossman),</subfield><subfield code="d">1887-1987</subfield><subfield code="v">Newspapers.</subfield></datafield><datafield ind1="2" ind2="0" tag="610"><subfield code="a">Republican Party (U.S. : 1854- )</subfield><subfield code="v">Newspapers.</subfield></datafield><datafield ind1=" " ind2="0" tag="650"><subfield code="a">Campaign literature,</subfield><subfield code="d">1936</subfield><subfield code="x">Republican</subfield><subfield code="v">Newspapers.</subfield></datafield><datafield ind1=" " ind2="0" tag="650"><subfield code="a">Political campaigns,</subfield><subfield code="d">1936</subfield><subfield code="v">Newspapers.</subfield></datafield><datafield ind1=" " ind2="0" tag="650"><subfield code="a">Presidential candidates,</subfield><subfield code="d">1936</subfield><subfield code="v">Newspapers.</subfield></datafield><datafield ind1=" " ind2="0" tag="651"><subfield code="a">Illinois</subfield><subfield code="v">Newspapers.</subfield></datafield><datafield ind1="1" ind2="7" tag="600"><subfield code="a">Landon, Alfred M.</subfield><subfield code="q">(Alfred Mossman),</subfield><subfield code="d">1887-1987.</subfield><subfield code="2">fast</subfield><subfield code="0">(OCoLC)fst00196570</subfield></datafield><datafield ind1="2" ind2="7" tag="610"><subfield code="a">Republican Party (U.S. : 1854- )</subfield><subfield code="2">fast</subfield><subfield code="0">(OCoLC)fst00544975</subfield></datafield><datafield ind1=" " ind2="7" tag="655"><subfield code="a">Newspapers.</subfield><subfield code="2">fast</subfield><subfield code="0">(OCoLC)fst01423814</subfield></datafield><datafield ind1="2" ind2=" " tag="710"><subfield code="a">Illinois Republican Service Men's League.</subfield><subfield code="k">Newspapers.</subfield></datafield><datafield ind1=" " ind2=" " tag="752"><subfield code="a">United States</subfield><subfield code="b">Illinois</subfield><subfield code="c">Cook</subfield><subfield code="d">Chicago.</subfield></datafield></record>